[gd_scene load_steps=8 format=3 uid="uid://bha5p8nd2kcpq"]

[ext_resource type="PackedScene" uid="uid://d1gtyv3hgyf3h" path="res://modules/module.tscn" id="1_ayoan"]
[ext_resource type="Texture2D" uid="uid://817b1j17y8ju" path="res://modules/input/input.png" id="2_gyw4q"]
[ext_resource type="Script" path="res://modules/input/key_input.gd" id="2_hedpm"]

[sub_resource type="AtlasTexture" id="AtlasTexture_dyyj6"]
atlas = ExtResource("2_gyw4q")
region = Rect2(0, 0, 48, 48)

[sub_resource type="CompressedTexture2D" id="CompressedTexture2D_qoua7"]
load_path = "res://.godot/imported/input.png-82ddb29cd76a759981ff2ed89d9b8801.ctex"

[sub_resource type="AtlasTexture" id="AtlasTexture_b8x41"]
atlas = SubResource("CompressedTexture2D_qoua7")
region = Rect2(48, 0, 48, 48)

[sub_resource type="AtlasTexture" id="AtlasTexture_j5cet"]
atlas = SubResource("CompressedTexture2D_qoua7")
region = Rect2(96, 0, 48, 48)

[node name="KeyInput" instance=ExtResource("1_ayoan")]
script = ExtResource("2_hedpm")
keys = null
upper = false

[node name="Up" type="ColorRect" parent="." index="0"]
visible = false
layout_mode = 0
offset_left = 18.0
offset_top = 6.0
offset_right = 30.0
offset_bottom = 18.0

[node name="Left" type="ColorRect" parent="." index="1"]
visible = false
layout_mode = 0
offset_left = 6.0
offset_top = 18.0
offset_right = 18.0
offset_bottom = 30.0

[node name="Down" type="ColorRect" parent="." index="2"]
visible = false
layout_mode = 0
offset_left = 18.0
offset_top = 30.0
offset_right = 30.0
offset_bottom = 42.0

[node name="Right" type="ColorRect" parent="." index="3"]
visible = false
layout_mode = 0
offset_left = 30.0
offset_top = 18.0
offset_right = 42.0
offset_bottom = 30.0

[node name="Visual" parent="." index="4"]
texture = SubResource("AtlasTexture_dyyj6")

[node name="KeysA" type="TextureRect" parent="Visual" index="0"]
visible = false
layout_mode = 0
offset_right = 40.0
offset_bottom = 40.0
texture = SubResource("AtlasTexture_b8x41")

[node name="KeysB" type="TextureRect" parent="Visual" index="1"]
visible = false
layout_mode = 0
offset_right = 40.0
offset_bottom = 40.0
texture = SubResource("AtlasTexture_j5cet")
