[gd_scene load_steps=6 format=3 uid="uid://cqe1pq3rb4hol"]

[ext_resource type="Script" path="res://modules/output/output_four.gd" id="1_3fku1"]
[ext_resource type="PackedScene" uid="uid://bmo0l1q10626x" path="res://modules/output/output_template.tscn" id="1_arr3u"]
[ext_resource type="Texture2D" uid="uid://b0nr623nxms4e" path="res://modules/output/output.png" id="2_hwivm"]
[ext_resource type="Texture2D" uid="uid://bwlpsnd51tdwa" path="res://modules/output/indicator.png" id="4_58hbw"]

[sub_resource type="AtlasTexture" id="AtlasTexture_lph7y"]
resource_local_to_scene = true
atlas = ExtResource("4_58hbw")
region = Rect2(14, 0, 7, 7)

[node name="OutputFour" instance=ExtResource("1_arr3u")]
script = ExtResource("1_3fku1")

[node name="Outputs" type="GridContainer" parent="." index="0"]
layout_mode = 1
anchors_preset = 15
anchor_right = 1.0
anchor_bottom = 1.0
grow_horizontal = 2
grow_vertical = 2
columns = 2

[node name="0" type="ColorRect" parent="Outputs" index="0"]
layout_mode = 2
size_flags_horizontal = 3
size_flags_vertical = 3
color = Color(0, 0, 0, 1)

[node name="1" type="ColorRect" parent="Outputs" index="1"]
layout_mode = 2
size_flags_horizontal = 3
size_flags_vertical = 3
color = Color(0, 0, 0, 1)

[node name="2" type="ColorRect" parent="Outputs" index="2"]
layout_mode = 2
size_flags_horizontal = 3
size_flags_vertical = 3
color = Color(0, 0, 0, 1)

[node name="3" type="ColorRect" parent="Outputs" index="3"]
layout_mode = 2
size_flags_horizontal = 3
size_flags_vertical = 3
color = Color(0, 0, 0, 1)

[node name="Visual" parent="." index="1"]
texture = ExtResource("2_hwivm")

[node name="Indicator" parent="." index="2"]
visible = false

[node name="Symbol" parent="Indicator" index="0"]
texture = SubResource("AtlasTexture_lph7y")
